%\begin{thebibliography}{99}

\begin{thebibliography}{10}

\bibitem{Ant15a}
R.~A. Antonov, T.~V. Aulova, E.~A. Bonvech, D.~V. Chernov, T.~A. Dzhatdoev, M.~Finger et~al., \emph{Detection of reflected Cherenkov light from extensive air showers in the SPHERE experiment as a method of studying superhigh energy cosmic rays}, \href{http://dx.doi.org/10.1134/S1063779615010025}{\emph{Phys. Part. Nucl.} {\bfseries 46} (2015) 60--93}.

\bibitem{Chu74}
A.~Chudakov, \emph{{A possible method to detect EAS by the Cherenkov radiation reflected from the snowy ground surface}}, {\emph{{Experimental methods of studying cosmic rays of superhigh energies, Proc. All-Union Symposium, Yakutsk}} (1972) 69--72}.

\bibitem{Ant15c}
R.~A. Antonov, T.~V. Aulova, E.~A. Bonvech, D.~V. Chernov, T.~A. Dzhatdoev, V.~I. Galkin et~al., \emph{{Event-by-event study of CR composition with the SPHERE experiment using the 2013 data}}, \href{http://dx.doi.org/10.1088/1742-6596/632/1/012090}{\emph{J. of Physics: Conference Series} {\bfseries 632} (2015) 012090}.

\bibitem{qun83}
{Z. Qunzhu et al.}, \emph{{A study of spectral reflection characteristics for snow, ice and water in the North of China}}, {\emph{{Proc. Symp. Hydrological Applications of Remote Sensing and Remote Data Transmission (Hamburg)}} {\bfseries HE.1.3} (1983) 145}.

\bibitem{dum10}
{M. Dumont et al.}, \emph{{High-accuracy measurements of snow Bidirectional Reflectance Distribution Function at visible and NIR wavelengths -- comparison with modelling results}}, \href{http://dx.doi.org/10.5194/acp-10-2507-2010}{\emph{Atmospheric Chemistry and Physics} {\bfseries 10} (2010) 2507--2520}.

\bibitem{gre94}
{T.C. Grenfell and S.G. Warren}, \emph{{Reflection of solar radiation by the Antarctic snow surface at ultraviolet, visible, and near-infrared wavelengths}}, \href{http://dx.doi.org/10.1029/94JD01484}{\emph{Journal of Geophysical Research: Atmospheres} {\bfseries 99} (1994) 18669--18684}.

\bibitem{war82}
{S.G. Warren}, \emph{{Optical properties of snow}}, \href{http://dx.doi.org/10.1029/RG020i001p00067}{\emph{Rev. of Geophys. and Space Phys.} {\bfseries 20} (1982) 67--89}.

\bibitem{hud06}
{S.R. Hudson et al.}, \emph{Spectral bidirectional reflectance of Antarctic snow: measurements and parameterization}, \href{http://dx.doi.org/10.1029/2006JD007290}{\emph{Jour. of Geophys. Res.} {\bfseries 111} (2006) D18106}.

\bibitem{Ant19}
R.~Antonov, E.~Bonvech, D.~Chernov, T.~Dzhatdoev, V.~Galkin, D.~Podgrudkov  et~al., \emph{Spatial and temporal structure of EAS reflected Cherenkov light signal}, \href{http://dx.doi.org/10.1016/j.astropartphys.2019.01.002}{\emph{Astropart. Phys.} {\bfseries 108} (2019) 24 -- 39}.

\bibitem{Ant20}
R.~Antonov, E.~Bonvech, D.~Chernov, T.~Dzhatdoev, M.~Finger, M.~Finger et~al., \emph{The SPHERE-2 detector for observation of extensive air showers in 1 PeV -- 1 EeV energy range}, \href{http://dx.doi.org/10.1016/j.astropartphys.2020.102460}{\emph{Astropart. Phys.} {\bfseries 121} (2020) 102460}.

\bibitem{Tunka2020}
N.~Budnev, A.~Chiavassa, O.~Gress, T.~Gress, A.~Dyachok, N.~Karpov et~al., \emph{The primary cosmic-ray energy spectrum measured with the Tunka-133 array}, \href{http://dx.doi.org/10.1016/j.astropartphys.2019.102406}{\emph{APh.} {\bfseries 117} (2020) 102406}.

\bibitem{Ape12}
{W.D. Apel et al. (The KASCADE-Grande Collaboration)}, \emph{{The spectrum of high-energy cosmic rays measured with KASCADE-Grande}}, \href{https://doi.org/10.1016/j.astropartphys.2012.05.023}{{\emph{APh} {\bfseries 36} (2012) 183--194}}.

\bibitem{Ape13}
{W.D. Apel et al. (The KASCADE-Grande Collaboration)}, \emph{Ankle-like feature in the energy spectrum of light elements of cosmic rays observed with KASCADE-Grande}, \href{https://doi.org/10.1103/PhysRevD.87.081101}{{\emph{Phys. Rev. D} {\bfseries 87} (2013) 081101}}.

\bibitem{FEU84}
P.~Dunaevskaya, M.~Podoksina and J.~Ronkin, \emph{Photoelectron multiplier FEU-84}, {\emph{Pribory i tehnika experimenta,} {\bfseries 5} (1970) 252--255},  (in Russian).

\bibitem{SIT20}
D.~Chernov, I.~Astapov, P.~Bezyazeekov, E.~Bonvech, A.~Borodin, M.~Brueckner et~al., \emph{Development of a novel wide-angle gamma-ray imaging air Cherenkov telescope with SiPM-based camera for the TAIGA hybrid installation}, {\emph{JINST} {\bfseries this volume} (2020) }.

\bibitem{Gal18a}
V.~Galkin, A.~Borisov, R.~Bakhromzod, V.~Batraev, S.~Latipova and A.~Muqumov, \emph{A method for estimation of the parameters of the primary particle of an extensive air shower by a high-altitude detector}, \href{http://dx.doi.org/10.3103/S0027134918020078}{\emph{Moscow University Physics Bulletin} {\bfseries 73} (2018) 179}.

\bibitem{Gal18b}
V.~Batraev and V.~Galkin, \emph{The separation of air showers by the masses of the primary particles on the basis of the measured angular distributions of Cherenkov light at mountain level}, \href{http://uzmu.phys.msu.ru/file/2018/3/1830202.pdf}{\emph{Memoirs of the Faculty of Physics, Lomonosov Moscow State University} {\bfseries 3} (2018) 1830202} (in Russian).

\bibitem{Ant09}
R.~A. Antonov, A.~Anohina, E.~A. Bonvech, D.~V. Chernov, T.~A. Dzhatdoev, V.~I. Galkin et~al., \emph{A method for primary proton spectrum measurement at E$_0 \ge$ 10 PeV with SPHERE-2 telescope}, \href{https://galprop.stanford.edu/elibrary/icrc/2009/preliminary/pdf/icrc0434.pdf}{{\emph{{Proc. 31st ICRC (Lodz)}} {\bfseries 4} (2009) 434}}.

\bibitem{Ant09b}
A.~Anohina, R.~A. Antonov, E.~A. Bonvech, V.~I. Galkin, T.~A. Dzhatdoev, A.~Kirillov et~al., \emph{Method for measuring the PCR proton spectrum in the energy range of > $10^{16}$ eV},
\href{http://dx.doi.org/10.3103/S1068335609050042}{\emph{Bulletin of the Lebedev Physics Institute} {\bfseries 36} (2009) 146--149}.

%
%\bibitem{dronestroy}
%{Dronestroy, professional copters}, \href{https://dronestroy.ru/catalog}{\emph{Catalogue}}

%\bibitem{UAVair}
%{UAV power supply systems.}\href{http://atenergy.pro/en/products/energoobespechenie-bpla.html}{Website}

%\bibitem{UAVoil}
%{R7 Technology Drones,} \href{http://r7dron.ru/}{UAV Delta H 1600 H}

\end{thebibliography}
